<?xml version="1.0" encoding="UTF-8"?><collection xmlns="http://www.loc.gov/MARC21/slim"><record><leader>00473nam--2200169-i-4500</leader><controlfield tag="001">000016846</controlfield><controlfield tag="002">20161230</controlfield><controlfield tag="005">20161230201032</controlfield><controlfield tag="008">060222s1000------------r-----000-0-eng-d</controlfield><datafield ind1=" " ind2=" " tag="040"><subfield code="a">IFIN-HH</subfield></datafield><datafield ind1=" " ind2=" " tag="080"><subfield code="a">535.317.1(043)</subfield></datafield><datafield ind1="1" ind2=" " tag="100"><subfield code="a">Bergholm, Fredrik</subfield></datafield><datafield ind1="1" ind2="0" tag="245"><subfield code="a">On the content of information in edges and optical flow</subfield><subfield code="b">Dissert</subfield><subfield code="c">Fredrik bergholm</subfield></datafield><datafield ind1=" " ind2=" " tag="260"><subfield code="a">Stockholm</subfield><subfield code="b">University</subfield><subfield code="c">1989</subfield></datafield><datafield ind1=" " ind2=" " tag="300"><subfield code="a">IV + 196 P</subfield></datafield><datafield ind1=" " ind2=" " tag="852"><subfield code="a">78797</subfield><subfield code="c">535</subfield></datafield><datafield ind1=" " ind2=" " tag="CAT"><subfield code="a">Sys</subfield><subfield code="c">20101129</subfield><subfield code="h">120705</subfield></datafield></record></collection>